@book{lamport1994latex,
  title={{LATEX}: a document preparation system: user's guide and reference manual},
  author={Lamport, Leslie},
  year={1994},
  publisher={Addison-wesley}
}

@book{kottwitzlatex2021,
	title = {{LaTeX} beginner's guide : create visually appealing texts, articles, and books for business and science using {LaTeX}},
	author = {Kottwitz, Stefan},
	year = {2021},
    publisher = {Packt},
	note = {ISBN: 9781801072588},
}

@misc{uor_refernce_style,
    author = {{University of Reading}},
    title = {Different styles \& systems of referencing: Guidance on citing references for students at the University of Reading},
    year = {2023},
    url = {https://libguides.reading.ac.uk/citing-references/referencingstyles},
    note = {(accessed June 6, 2023)}
}

@misc{uor_plagiarism,
    author = {{University of Reading}},
    title = {Avoiding unintentional plagiarism: Guidance on citing references for students at the University of Reading},
    year = {2023},
    url = {https://libguides.reading.ac.uk/citing-references/avoidingplagiarism},
    note = {(accessed June 6, 2023)}
}

@misc{wikipedia_black_scholes,
    author = {{Wikipedia Black-Scholes}},
    title = {Black-Scholes equation},
    year = {2023},
    url = {https://en.wikipedia.org/wiki/Black%E2%80%93Scholes_equation},
    note = {(accessed October 10, 2023)}
}

@book{haugh_black_scholes_columbia,
    author = {Martin Haugh},
    title = {The Black-Scholes Model},
    year = {2016},
    note = {IEOR E4706: Foundations of Financial Engineering},
    url = {https://www.columbia.edu/~mh2078/FoundationsFE/BlackScholes.pdf}
}
